<?xml version="1.0" encoding="UTF-8"?><record xmlns="http://www.loc.gov/MARC21/slim" xmlns:cinclude="http://apache.org/cocoon/include/1.0" xmlns:zs="http://www.loc.gov/zing/srw/">
  <leader>00408nz  a2200121n  4500</leader>
  <controlfield tag="001">n  88065405 </controlfield>
  <controlfield tag="003">DLC</controlfield>
  <controlfield tag="005">19880420073016.0</controlfield>
  <controlfield tag="008">880314n| acannaab|          |n aaa |||  </controlfield>
  <datafield tag="010" ind1=" " ind2=" ">
    <subfield code="a">n  88065405 </subfield>
  </datafield>
  <datafield tag="040" ind1=" " ind2=" ">
    <subfield code="a">DLC</subfield>
    <subfield code="c">DLC</subfield>
  </datafield>
  <datafield tag="100" ind1="1" ind2="0">
    <subfield code="a">Harrison, Deanna,</subfield>
    <subfield code="d">1956-</subfield>
  </datafield>
  <datafield tag="670" ind1=" " ind2=" ">
    <subfield code="a">Her My ducks are really swans, 1988:</subfield>
    <subfield code="b">CIP t.p. (Deanna Harrison) data sheet (b. 10/4/56) pub. info. sheet (free-lance writer from San Angelo, Tex.)</subfield>
  </datafield>
</record>